[gd_scene load_steps=4 format=3 uid="uid://c36uesxvvpy8"]

[ext_resource type="Script" path="res://minigames/familiar_cats/familiar_cats.gd" id="1_3v8yj"]
[ext_resource type="Texture2D" uid="uid://bsxld2ee3r3gm" path="res://assets/familiar_cats/familiar_cats_background.png" id="2_07j1w"]
[ext_resource type="PackedScene" uid="uid://2j62g7k1m6i1" path="res://utils/DialogueManager.tscn" id="3_ff60k"]

[node name="FamiliarCats" type="Control" node_paths=PackedStringArray("dialogue_manager")]
layout_mode = 3
anchors_preset = 15
anchor_right = 1.0
anchor_bottom = 1.0
grow_horizontal = 2
grow_vertical = 2
script = ExtResource("1_3v8yj")
dialogue_manager = NodePath("DialogueManager")
game_name = "familiar_cats"

[node name="TargetCats" type="TextureRect" parent="."]
layout_mode = 1
anchors_preset = 8
anchor_left = 0.5
anchor_top = 0.5
anchor_right = 0.5
anchor_bottom = 0.5
offset_left = -378.0
offset_top = -269.625
offset_right = 378.0
offset_bottom = 155.625
grow_horizontal = 2
grow_vertical = 2
texture = ExtResource("2_07j1w")
expand_mode = 5

[node name="TextureRect" type="TextureRect" parent="TargetCats"]
layout_mode = 1
anchors_preset = 8
anchor_left = 0.5
anchor_top = 0.5
anchor_right = 0.5
anchor_bottom = 0.5
offset_left = -359.0
offset_top = -177.0
offset_right = -309.0
offset_bottom = -124.0
grow_horizontal = 2
grow_vertical = 2
expand_mode = 5
stretch_mode = 5

[node name="TextureRect2" type="TextureRect" parent="TargetCats"]
layout_mode = 1
anchors_preset = 8
anchor_left = 0.5
anchor_top = 0.5
anchor_right = 0.5
anchor_bottom = 0.5
offset_left = -272.0
offset_top = -132.0
offset_right = -222.0
offset_bottom = -79.0
grow_horizontal = 2
grow_vertical = 2
expand_mode = 5
stretch_mode = 5

[node name="TextureRect3" type="TextureRect" parent="TargetCats"]
layout_mode = 1
anchors_preset = 8
anchor_left = 0.5
anchor_top = 0.5
anchor_right = 0.5
anchor_bottom = 0.5
offset_left = -216.0
offset_top = -138.0
offset_right = -174.0
offset_bottom = -95.0
grow_horizontal = 2
grow_vertical = 2
expand_mode = 5
stretch_mode = 5

[node name="TextureRect7" type="TextureRect" parent="TargetCats"]
layout_mode = 1
anchors_preset = 8
anchor_left = 0.5
anchor_top = 0.5
anchor_right = 0.5
anchor_bottom = 0.5
offset_left = -151.0
offset_top = -78.0
offset_right = -111.0
offset_bottom = -36.0
grow_horizontal = 2
grow_vertical = 2
expand_mode = 5
stretch_mode = 5

[node name="TextureRect8" type="TextureRect" parent="TargetCats"]
layout_mode = 1
anchors_preset = 8
anchor_left = 0.5
anchor_top = 0.5
anchor_right = 0.5
anchor_bottom = 0.5
offset_left = -103.0
offset_top = -95.0
offset_right = -63.0
offset_bottom = -53.0
grow_horizontal = 2
grow_vertical = 2
expand_mode = 5
stretch_mode = 5

[node name="TextureRect9" type="TextureRect" parent="TargetCats"]
layout_mode = 1
anchors_preset = 8
anchor_left = 0.5
anchor_top = 0.5
anchor_right = 0.5
anchor_bottom = 0.5
offset_left = -72.0
offset_top = -58.0
offset_right = -21.0
offset_bottom = -3.0
grow_horizontal = 2
grow_vertical = 2
expand_mode = 5
stretch_mode = 5

[node name="TextureRect10" type="TextureRect" parent="TargetCats"]
layout_mode = 1
anchors_preset = 8
anchor_left = 0.5
anchor_top = 0.5
anchor_right = 0.5
anchor_bottom = 0.5
offset_left = -11.0
offset_top = -58.0
offset_right = 40.0
offset_bottom = -3.0
grow_horizontal = 2
grow_vertical = 2
expand_mode = 5
stretch_mode = 5

[node name="TextureRect11" type="TextureRect" parent="TargetCats"]
layout_mode = 1
anchors_preset = 8
anchor_left = 0.5
anchor_top = 0.5
anchor_right = 0.5
anchor_bottom = 0.5
offset_left = -211.0
offset_top = -219.0
offset_right = -160.0
offset_bottom = -164.0
grow_horizontal = 2
grow_vertical = 2
expand_mode = 5
stretch_mode = 5

[node name="TextureRect12" type="TextureRect" parent="TargetCats"]
layout_mode = 1
anchors_preset = 8
anchor_left = 0.5
anchor_top = 0.5
anchor_right = 0.5
anchor_bottom = 0.5
offset_left = -144.0
offset_top = -213.0
offset_right = -82.0
offset_bottom = -151.0
grow_horizontal = 2
grow_vertical = 2
expand_mode = 5
stretch_mode = 5

[node name="TextureRect13" type="TextureRect" parent="TargetCats"]
layout_mode = 1
anchors_preset = 8
anchor_left = 0.5
anchor_top = 0.5
anchor_right = 0.5
anchor_bottom = 0.5
offset_left = 125.0
offset_top = -215.0
offset_right = 181.0
offset_bottom = -159.0
grow_horizontal = 2
grow_vertical = 2
expand_mode = 5
stretch_mode = 5

[node name="TextureRect14" type="TextureRect" parent="TargetCats"]
layout_mode = 1
anchors_preset = 8
anchor_left = 0.5
anchor_top = 0.5
anchor_right = 0.5
anchor_bottom = 0.5
offset_left = 33.0
offset_top = -141.0
offset_right = 89.0
offset_bottom = -85.0
grow_horizontal = 2
grow_vertical = 2
expand_mode = 5
stretch_mode = 5

[node name="TextureRect15" type="TextureRect" parent="TargetCats"]
layout_mode = 1
anchors_preset = 8
anchor_left = 0.5
anchor_top = 0.5
anchor_right = 0.5
anchor_bottom = 0.5
offset_left = 138.0
offset_top = -160.0
offset_right = 212.0
offset_bottom = -79.0
grow_horizontal = 2
grow_vertical = 2
expand_mode = 5
stretch_mode = 5

[node name="TextureRect16" type="TextureRect" parent="TargetCats"]
layout_mode = 1
anchors_preset = 8
anchor_left = 0.5
anchor_top = 0.5
anchor_right = 0.5
anchor_bottom = 0.5
offset_left = 123.0
offset_top = -70.0
offset_right = 180.0
offset_bottom = 4.0
grow_horizontal = 2
grow_vertical = 2
expand_mode = 5
stretch_mode = 5

[node name="TextureRect17" type="TextureRect" parent="TargetCats"]
layout_mode = 1
anchors_preset = 8
anchor_left = 0.5
anchor_top = 0.5
anchor_right = 0.5
anchor_bottom = 0.5
offset_left = 19.0
offset_top = 95.375
offset_right = 106.0
offset_bottom = 190.375
grow_horizontal = 2
grow_vertical = 2
expand_mode = 5
stretch_mode = 5

[node name="TextureRect18" type="TextureRect" parent="TargetCats"]
layout_mode = 1
anchors_preset = 8
anchor_left = 0.5
anchor_top = 0.5
anchor_right = 0.5
anchor_bottom = 0.5
offset_left = -77.0
offset_top = 113.375
offset_right = 19.0
offset_bottom = 215.375
grow_horizontal = 2
grow_vertical = 2
expand_mode = 5
stretch_mode = 5

[node name="TextureRect19" type="TextureRect" parent="TargetCats"]
layout_mode = 1
anchors_preset = 8
anchor_left = 0.5
anchor_top = 0.5
anchor_right = 0.5
anchor_bottom = 0.5
offset_left = -190.0
offset_top = 16.375
offset_right = -111.0
offset_bottom = 112.375
grow_horizontal = 2
grow_vertical = 2
expand_mode = 5
stretch_mode = 5

[node name="TextureRect21" type="TextureRect" parent="TargetCats"]
layout_mode = 1
anchors_preset = 8
anchor_left = 0.5
anchor_top = 0.5
anchor_right = 0.5
anchor_bottom = 0.5
offset_left = 200.0
offset_top = -46.0
offset_right = 279.0
offset_bottom = 50.0
grow_horizontal = 2
grow_vertical = 2
expand_mode = 5
stretch_mode = 5

[node name="TextureRect22" type="TextureRect" parent="TargetCats"]
layout_mode = 1
anchors_preset = 8
anchor_left = 0.5
anchor_top = 0.5
anchor_right = 0.5
anchor_bottom = 0.5
offset_left = 275.0
offset_top = -35.0
offset_right = 382.0
offset_bottom = 72.0
grow_horizontal = 2
grow_vertical = 2
expand_mode = 5
stretch_mode = 5

[node name="TextureRect23" type="TextureRect" parent="TargetCats"]
layout_mode = 1
anchors_preset = 8
anchor_left = 0.5
anchor_top = 0.5
anchor_right = 0.5
anchor_bottom = 0.5
offset_left = 300.0
offset_top = -133.0
offset_right = 376.0
offset_bottom = -57.0
grow_horizontal = 2
grow_vertical = 2
expand_mode = 5
stretch_mode = 5

[node name="TextureRect24" type="TextureRect" parent="TargetCats"]
layout_mode = 1
anchors_preset = 8
anchor_left = 0.5
anchor_top = 0.5
anchor_right = 0.5
anchor_bottom = 0.5
offset_left = 308.0
offset_top = -221.0
offset_right = 384.0
offset_bottom = -145.0
grow_horizontal = 2
grow_vertical = 2
expand_mode = 5
stretch_mode = 5

[node name="TextureRect25" type="TextureRect" parent="TargetCats"]
layout_mode = 1
anchors_preset = 8
anchor_left = 0.5
anchor_top = 0.5
anchor_right = 0.5
anchor_bottom = 0.5
offset_left = 232.0
offset_top = -110.0
offset_right = 283.0
offset_bottom = -32.0
grow_horizontal = 2
grow_vertical = 2
expand_mode = 5
stretch_mode = 5

[node name="TextureRect20" type="TextureRect" parent="TargetCats"]
layout_mode = 1
anchors_preset = 8
anchor_left = 0.5
anchor_top = 0.5
anchor_right = 0.5
anchor_bottom = 0.5
offset_left = -10.0
offset_top = 13.0
offset_right = 36.0
offset_bottom = 64.0
grow_horizontal = 2
grow_vertical = 2
expand_mode = 5
stretch_mode = 5

[node name="TextureRect4" type="TextureRect" parent="TargetCats"]
layout_mode = 1
anchors_preset = 8
anchor_left = 0.5
anchor_top = 0.5
anchor_right = 0.5
anchor_bottom = 0.5
offset_left = -287.0
offset_top = 42.0
offset_right = -189.0
offset_bottom = 155.0
grow_horizontal = 2
grow_vertical = 2
expand_mode = 5
stretch_mode = 5

[node name="TextureRect5" type="TextureRect" parent="TargetCats"]
layout_mode = 1
anchors_preset = 8
anchor_left = 0.5
anchor_top = 0.5
anchor_right = 0.5
anchor_bottom = 0.5
offset_left = -349.0
offset_top = -22.0
offset_right = -298.0
offset_bottom = 29.0
grow_horizontal = 2
grow_vertical = 2
expand_mode = 5
stretch_mode = 5

[node name="TextureRect6" type="TextureRect" parent="TargetCats"]
layout_mode = 1
anchors_preset = 8
anchor_left = 0.5
anchor_top = 0.5
anchor_right = 0.5
anchor_bottom = 0.5
offset_left = -345.0
offset_top = -96.0
offset_right = -294.0
offset_bottom = -45.0
grow_horizontal = 2
grow_vertical = 2
expand_mode = 5
stretch_mode = 5

[node name="CurrentCats" type="HBoxContainer" parent="."]
layout_mode = 1
anchors_preset = 12
anchor_top = 1.0
anchor_right = 1.0
anchor_bottom = 1.0
offset_left = 221.0
offset_top = -97.0
offset_right = -221.0
offset_bottom = -13.0
grow_horizontal = 2
grow_vertical = 0

[node name="DialogueManager" parent="." instance=ExtResource("3_ff60k")]
layout_mode = 1

[connection signal="segment_ended" from="DialogueManager" to="." method="_on_intro_segment_ended"]
